%YAML 1.1
%TAG !u! tag:unity3d.com,2011:
--- !u!1 &4547992596638819169
GameObject:
  m_ObjectHideFlags: 0
  m_CorrespondingSourceObject: {fileID: 0}
  m_PrefabInstance: {fileID: 0}
  m_PrefabAsset: {fileID: 0}
  serializedVersion: 6
  m_Component:
  - component: {fileID: 6337767564481233753}
  - component: {fileID: 1220700072}
  - component: {fileID: 1075721806}
  - component: {fileID: 2133942216}
  - component: {fileID: 1809689423}
  - component: {fileID: 313323833}
  m_Layer: 0
  m_Name: Spawner
  m_TagString: Untagged
  m_Icon: {fileID: 0}
  m_NavMeshLayer: 0
  m_StaticEditorFlags: 0
  m_IsActive: 1
--- !u!4 &6337767564481233753
Transform:
  m_ObjectHideFlags: 0
  m_CorrespondingSourceObject: {fileID: 0}
  m_PrefabInstance: {fileID: 0}
  m_PrefabAsset: {fileID: 0}
  m_GameObject: {fileID: 4547992596638819169}
  m_LocalRotation: {x: 0, y: 0, z: 0, w: 1}
  m_LocalPosition: {x: 9.96, y: 5.04, z: 0}
  m_LocalScale: {x: 1, y: 1, z: 1}
  m_Children: []
  m_Father: {fileID: 0}
  m_RootOrder: 0
  m_LocalEulerAnglesHint: {x: 0, y: 0, z: 0}
--- !u!114 &1220700072
MonoBehaviour:
  m_ObjectHideFlags: 0
  m_CorrespondingSourceObject: {fileID: 0}
  m_PrefabInstance: {fileID: 0}
  m_PrefabAsset: {fileID: 0}
  m_GameObject: {fileID: 4547992596638819169}
  m_Enabled: 1
  m_EditorHideFlags: 0
  m_Script: {fileID: 11500000, guid: fa6077ef4005b6e4ba811df91ef28c30, type: 3}
  m_Name: 
  m_EditorClassIdentifier: 
  attackerPrefabArray:
  - {fileID: 4995966458107991653, guid: 78febd0d6148ba6469353894a73b8344, type: 3}
  - {fileID: 561110391366527113, guid: a0a339bd44ab6dd4ab746b784f402355, type: 3}
  minSpawnDelay: 1
  maxSpawnDelay: 1
--- !u!114 &1075721806
MonoBehaviour:
  m_ObjectHideFlags: 0
  m_CorrespondingSourceObject: {fileID: 0}
  m_PrefabInstance: {fileID: 0}
  m_PrefabAsset: {fileID: 0}
  m_GameObject: {fileID: 4547992596638819169}
  m_Enabled: 1
  m_EditorHideFlags: 0
  m_Script: {fileID: 11500000, guid: fa6077ef4005b6e4ba811df91ef28c30, type: 3}
  m_Name: 
  m_EditorClassIdentifier: 
  attackerPrefabArray:
  - {fileID: 4995966458107991653, guid: 78febd0d6148ba6469353894a73b8344, type: 3}
  - {fileID: 561110391366527113, guid: a0a339bd44ab6dd4ab746b784f402355, type: 3}
  minSpawnDelay: 2
  maxSpawnDelay: 5
--- !u!114 &2133942216
MonoBehaviour:
  m_ObjectHideFlags: 0
  m_CorrespondingSourceObject: {fileID: 0}
  m_PrefabInstance: {fileID: 0}
  m_PrefabAsset: {fileID: 0}
  m_GameObject: {fileID: 4547992596638819169}
  m_Enabled: 1
  m_EditorHideFlags: 0
  m_Script: {fileID: 11500000, guid: fa6077ef4005b6e4ba811df91ef28c30, type: 3}
  m_Name: 
  m_EditorClassIdentifier: 
  attackerPrefabArray:
  - {fileID: 4995966458107991653, guid: 78febd0d6148ba6469353894a73b8344, type: 3}
  - {fileID: 561110391366527113, guid: a0a339bd44ab6dd4ab746b784f402355, type: 3}
  minSpawnDelay: 2
  maxSpawnDelay: 5
--- !u!114 &1809689423
MonoBehaviour:
  m_ObjectHideFlags: 0
  m_CorrespondingSourceObject: {fileID: 0}
  m_PrefabInstance: {fileID: 0}
  m_PrefabAsset: {fileID: 0}
  m_GameObject: {fileID: 4547992596638819169}
  m_Enabled: 1
  m_EditorHideFlags: 0
  m_Script: {fileID: 11500000, guid: fa6077ef4005b6e4ba811df91ef28c30, type: 3}
  m_Name: 
  m_EditorClassIdentifier: 
  attackerPrefabArray:
  - {fileID: 4995966458107991653, guid: 78febd0d6148ba6469353894a73b8344, type: 3}
  minSpawnDelay: 2
  maxSpawnDelay: 5
--- !u!114 &313323833
MonoBehaviour:
  m_ObjectHideFlags: 0
  m_CorrespondingSourceObject: {fileID: 0}
  m_PrefabInstance: {fileID: 0}
  m_PrefabAsset: {fileID: 0}
  m_GameObject: {fileID: 4547992596638819169}
  m_Enabled: 1
  m_EditorHideFlags: 0
  m_Script: {fileID: 11500000, guid: fa6077ef4005b6e4ba811df91ef28c30, type: 3}
  m_Name: 
  m_EditorClassIdentifier: 
  attackerPrefabArray:
  - {fileID: 561110391366527113, guid: a0a339bd44ab6dd4ab746b784f402355, type: 3}
  minSpawnDelay: 2
  maxSpawnDelay: 5
